%YAML 1.1
%TAG !u! tag:unity3d.com,2011:
--- !u!29 &1
SceneSettings:
  m_ObjectHideFlags: 0
  m_PVSData: 
  m_PVSObjectsArray: []
  m_PVSPortalsArray: []
  m_OcclusionBakeSettings:
    smallestOccluder: 5
    smallestHole: .25
    backfaceThreshold: 100
--- !u!104 &2
RenderSettings:
  m_Fog: 0
  m_FogColor: {r: .5, g: .5, b: .5, a: 1}
  m_FogMode: 3
  m_FogDensity: .00999999978
  m_LinearFogStart: 0
  m_LinearFogEnd: 300
  m_AmbientLight: {r: .200000003, g: .200000003, b: .200000003, a: 1}
  m_SkyboxMaterial: {fileID: 2100000, guid: 16522f49031ff414abdf1f83f1b6a36c, type: 2}
  m_HaloStrength: .5
  m_FlareStrength: 1
  m_FlareFadeSpeed: 3
  m_HaloTexture: {fileID: 0}
  m_SpotCookie: {fileID: 0}
  m_ObjectHideFlags: 0
--- !u!127 &3
LevelGameManager:
  m_ObjectHideFlags: 0
--- !u!157 &4
LightmapSettings:
  m_ObjectHideFlags: 0
  m_LightProbes: {fileID: 0}
  m_Lightmaps: []
  m_LightmapsMode: 1
  m_BakedColorSpace: 0
  m_UseDualLightmapsInForward: 0
  m_LightmapEditorSettings:
    m_Resolution: 50
    m_LastUsedResolution: 0
    m_TextureWidth: 1024
    m_TextureHeight: 1024
    m_BounceBoost: 1
    m_BounceIntensity: 1
    m_SkyLightColor: {r: .860000014, g: .930000007, b: 1, a: 1}
    m_SkyLightIntensity: 0
    m_Quality: 0
    m_Bounces: 1
    m_FinalGatherRays: 1000
    m_FinalGatherContrastThreshold: .0500000007
    m_FinalGatherGradientThreshold: 0
    m_FinalGatherInterpolationPoints: 15
    m_AOAmount: 0
    m_AOMaxDistance: .100000001
    m_AOContrast: 1
    m_LODSurfaceMappingDistance: 1
    m_Padding: 0
    m_TextureCompression: 0
    m_LockAtlas: 0
--- !u!196 &5
NavMeshSettings:
  m_ObjectHideFlags: 0
  m_BuildSettings:
    agentRadius: .5
    agentHeight: 2
    agentSlope: 45
    agentClimb: .400000006
    ledgeDropHeight: 0
    maxJumpAcrossDistance: 0
    accuratePlacement: 0
    minRegionArea: 2
    widthInaccuracy: 16.666666
    heightInaccuracy: 10
  m_NavMesh: {fileID: 0}
--- !u!1 &161620308
GameObject:
  m_ObjectHideFlags: 0
  m_PrefabParentObject: {fileID: 0}
  m_PrefabInternal: {fileID: 0}
  serializedVersion: 4
  m_Component:
  - 4: {fileID: 161620310}
  - 108: {fileID: 161620309}
  m_Layer: 0
  m_Name: Point light
  m_TagString: Untagged
  m_Icon: {fileID: 0}
  m_NavMeshLayer: 0
  m_StaticEditorFlags: 0
  m_IsActive: 1
--- !u!108 &161620309
Light:
  m_ObjectHideFlags: 0
  m_PrefabParentObject: {fileID: 0}
  m_PrefabInternal: {fileID: 0}
  m_GameObject: {fileID: 161620308}
  m_Enabled: 1
  serializedVersion: 3
  m_Type: 2
  m_Color: {r: 1, g: 1, b: 1, a: 1}
  m_Intensity: 1.49000001
  m_Range: 20.0499992
  m_SpotAngle: 30
  m_CookieSize: 10
  m_Shadows:
    m_Type: 0
    m_Resolution: -1
    m_Strength: 1
    m_Bias: .0500000007
    m_Softness: 4
    m_SoftnessFade: 1
  m_Cookie: {fileID: 0}
  m_DrawHalo: 0
  m_ActuallyLightmapped: 0
  m_Flare: {fileID: 0}
  m_RenderMode: 0
  m_CullingMask:
    serializedVersion: 2
    m_Bits: 4294967295
  m_Lightmapping: 1
  m_ShadowSamples: 1
  m_ShadowRadius: 0
  m_ShadowAngle: 0
  m_IndirectIntensity: 1
  m_AreaSize: {x: 1, y: 1}
--- !u!4 &161620310
Transform:
  m_ObjectHideFlags: 0
  m_PrefabParentObject: {fileID: 0}
  m_PrefabInternal: {fileID: 0}
  m_GameObject: {fileID: 161620308}
  m_LocalRotation: {x: 0, y: 0, z: 0, w: 1}
  m_LocalPosition: {x: 2.09684563, y: 11.2642231, z: -2.37406349}
  m_LocalScale: {x: 1, y: 1, z: 1}
  m_Children: []
  m_Father: {fileID: 0}
--- !u!1 &193128957
GameObject:
  m_ObjectHideFlags: 0
  m_PrefabParentObject: {fileID: 100000, guid: 8b4abee8fcbd34067a7f895d03c4cecc, type: 2}
  m_PrefabInternal: {fileID: 1070118171}
  serializedVersion: 4
  m_Component:
  - 4: {fileID: 193128960}
  - 33: {fileID: 193128959}
  - 23: {fileID: 193128958}
  m_Layer: 0
  m_Name: Graphics
  m_TagString: Untagged
  m_Icon: {fileID: 0}
  m_NavMeshLayer: 0
  m_StaticEditorFlags: 0
  m_IsActive: 1
--- !u!23 &193128958
Renderer:
  m_ObjectHideFlags: 0
  m_PrefabParentObject: {fileID: 2300000, guid: 8b4abee8fcbd34067a7f895d03c4cecc,
    type: 2}
  m_PrefabInternal: {fileID: 1070118171}
  m_GameObject: {fileID: 193128957}
  m_Enabled: 1
  m_CastShadows: 0
  m_ReceiveShadows: 0
  m_LightmapIndex: 255
  m_LightmapTilingOffset: {x: 1, y: 1, z: 0, w: 0}
  m_Materials:
  - {fileID: 2100000, guid: 84956c28019614dc2a31183d3e8f17cb, type: 2}
  m_SubsetIndices: 
  m_StaticBatchRoot: {fileID: 0}
  m_UseLightProbes: 0
  m_LightProbeAnchor: {fileID: 0}
  m_ScaleInLightmap: 1
  m_SortingLayer: 0
  m_SortingOrder: 0
  m_SortingLayerID: 0
--- !u!33 &193128959
MeshFilter:
  m_ObjectHideFlags: 0
  m_PrefabParentObject: {fileID: 3300000, guid: 8b4abee8fcbd34067a7f895d03c4cecc,
    type: 2}
  m_PrefabInternal: {fileID: 1070118171}
  m_GameObject: {fileID: 193128957}
  m_Mesh: {fileID: 10205, guid: 0000000000000000e000000000000000, type: 0}
--- !u!4 &193128960
Transform:
  m_ObjectHideFlags: 0
  m_PrefabParentObject: {fileID: 400000, guid: 8b4abee8fcbd34067a7f895d03c4cecc, type: 2}
  m_PrefabInternal: {fileID: 1070118171}
  m_GameObject: {fileID: 193128957}
  m_LocalRotation: {x: -0, y: 0, z: 0, w: 1}
  m_LocalPosition: {x: 0, y: 0, z: 0}
  m_LocalScale: {x: .400000006, y: .5, z: .400000006}
  m_Children: []
  m_Father: {fileID: 751019070}
--- !u!1 &200332446
GameObject:
  m_ObjectHideFlags: 0
  m_PrefabParentObject: {fileID: 100000, guid: 6138df5b0a75b43d0b4dab4a6ce98033, type: 2}
  m_PrefabInternal: {fileID: 1692057547}
  serializedVersion: 4
  m_Component:
  - 4: {fileID: 200332451}
  - 33: {fileID: 200332450}
  - 135: {fileID: 200332449}
  - 23: {fileID: 200332448}
  - 114: {fileID: 200332447}
  m_Layer: 9
  m_Name: CollectiblePrefab
  m_TagString: Untagged
  m_Icon: {fileID: 0}
  m_NavMeshLayer: 0
  m_StaticEditorFlags: 0
  m_IsActive: 1
--- !u!114 &200332447
MonoBehaviour:
  m_ObjectHideFlags: 0
  m_PrefabParentObject: {fileID: 11400000, guid: 6138df5b0a75b43d0b4dab4a6ce98033,
    type: 2}
  m_PrefabInternal: {fileID: 1692057547}
  m_GameObject: {fileID: 200332446}
  m_Enabled: 1
  m_EditorHideFlags: 0
  m_Script: {fileID: 11500000, guid: 664800d360e1345e68383ca0c67c8ba0, type: 3}
  m_Name: 
  m_EditorClassIdentifier: 
--- !u!23 &200332448
Renderer:
  m_ObjectHideFlags: 0
  m_PrefabParentObject: {fileID: 2300000, guid: 6138df5b0a75b43d0b4dab4a6ce98033,
    type: 2}
  m_PrefabInternal: {fileID: 1692057547}
  m_GameObject: {fileID: 200332446}
  m_Enabled: 1
  m_CastShadows: 1
  m_ReceiveShadows: 1
  m_LightmapIndex: 255
  m_LightmapTilingOffset: {x: 1, y: 1, z: 0, w: 0}
  m_Materials:
  - {fileID: 10302, guid: 0000000000000000f000000000000000, type: 0}
  m_SubsetIndices: 
  m_StaticBatchRoot: {fileID: 0}
  m_UseLightProbes: 0
  m_LightProbeAnchor: {fileID: 0}
  m_ScaleInLightmap: 1
  m_SortingLayer: 0
  m_SortingOrder: 0
  m_SortingLayerID: 0
--- !u!135 &200332449
SphereCollider:
  m_ObjectHideFlags: 0
  m_PrefabParentObject: {fileID: 13500000, guid: 6138df5b0a75b43d0b4dab4a6ce98033,
    type: 2}
  m_PrefabInternal: {fileID: 1692057547}
  m_GameObject: {fileID: 200332446}
  m_Material: {fileID: 0}
  m_IsTrigger: 1
  m_Enabled: 1
  serializedVersion: 2
  m_Radius: .5
  m_Center: {x: 0, y: 0, z: 0}
--- !u!33 &200332450
MeshFilter:
  m_ObjectHideFlags: 0
  m_PrefabParentObject: {fileID: 3300000, guid: 6138df5b0a75b43d0b4dab4a6ce98033,
    type: 2}
  m_PrefabInternal: {fileID: 1692057547}
  m_GameObject: {fileID: 200332446}
  m_Mesh: {fileID: 10207, guid: 0000000000000000e000000000000000, type: 0}
--- !u!4 &200332451
Transform:
  m_ObjectHideFlags: 0
  m_PrefabParentObject: {fileID: 400000, guid: 6138df5b0a75b43d0b4dab4a6ce98033, type: 2}
  m_PrefabInternal: {fileID: 1692057547}
  m_GameObject: {fileID: 200332446}
  m_LocalRotation: {x: 0, y: 0, z: 0, w: 1}
  m_LocalPosition: {x: -.0911386013, y: 1.9409256, z: .483478546}
  m_LocalScale: {x: 1, y: 1, z: 1}
  m_Children: []
  m_Father: {fileID: 0}
--- !u!1001 &343317210
Prefab:
  m_ObjectHideFlags: 0
  serializedVersion: 2
  m_Modification:
    m_TransformParent: {fileID: 0}
    m_Modifications:
    - target: {fileID: 400004, guid: 8d6eb6879a8874f2fbe55a23e73132cf, type: 2}
      propertyPath: m_LocalPosition.x
      value: 4.18214798
      objectReference: {fileID: 0}
    - target: {fileID: 400004, guid: 8d6eb6879a8874f2fbe55a23e73132cf, type: 2}
      propertyPath: m_LocalPosition.y
      value: 2.98315239
      objectReference: {fileID: 0}
    - target: {fileID: 400004, guid: 8d6eb6879a8874f2fbe55a23e73132cf, type: 2}
      propertyPath: m_LocalPosition.z
      value: 2.54123211
      objectReference: {fileID: 0}
    - target: {fileID: 400004, guid: 8d6eb6879a8874f2fbe55a23e73132cf, type: 2}
      propertyPath: m_LocalRotation.x
      value: 0
      objectReference: {fileID: 0}
    - target: {fileID: 400004, guid: 8d6eb6879a8874f2fbe55a23e73132cf, type: 2}
      propertyPath: m_LocalRotation.y
      value: 0
      objectReference: {fileID: 0}
    - target: {fileID: 400004, guid: 8d6eb6879a8874f2fbe55a23e73132cf, type: 2}
      propertyPath: m_LocalRotation.z
      value: 0
      objectReference: {fileID: 0}
    - target: {fileID: 400004, guid: 8d6eb6879a8874f2fbe55a23e73132cf, type: 2}
      propertyPath: m_LocalRotation.w
      value: 1
      objectReference: {fileID: 0}
    - target: {fileID: 100004, guid: 8d6eb6879a8874f2fbe55a23e73132cf, type: 2}
      propertyPath: m_Name
      value: SadCharacter
      objectReference: {fileID: 0}
    - target: {fileID: 2300000, guid: 8d6eb6879a8874f2fbe55a23e73132cf, type: 2}
      propertyPath: m_Materials.Array.data[0]
      value: 
      objectReference: {fileID: 2100000, guid: ce2234f2e5c1f452c8cfc13e41b72a15, type: 2}
    m_RemovedComponents: []
  m_ParentPrefab: {fileID: 100100000, guid: 8d6eb6879a8874f2fbe55a23e73132cf, type: 2}
  m_RootGameObject: {fileID: 1688713295}
  m_IsPrefabParent: 0
  m_IsExploded: 1
--- !u!1 &357478054
GameObject:
  m_ObjectHideFlags: 0
  m_PrefabParentObject: {fileID: 0}
  m_PrefabInternal: {fileID: 0}
  serializedVersion: 4
  m_Component:
  - 4: {fileID: 357478055}
  m_Layer: 0
  m_Name: CollectedCollectibles
  m_TagString: Untagged
  m_Icon: {fileID: 0}
  m_NavMeshLayer: 0
  m_StaticEditorFlags: 0
  m_IsActive: 1
--- !u!4 &357478055
Transform:
  m_ObjectHideFlags: 0
  m_PrefabParentObject: {fileID: 0}
  m_PrefabInternal: {fileID: 0}
  m_GameObject: {fileID: 357478054}
  m_LocalRotation: {x: 0, y: 0, z: 0, w: 1}
  m_LocalPosition: {x: -11.2038956, y: 6.14404297, z: .542045593}
  m_LocalScale: {x: 1, y: 1, z: 1}
  m_Children: []
  m_Father: {fileID: 0}
--- !u!1 &498728130
GameObject:
  m_ObjectHideFlags: 0
  m_PrefabParentObject: {fileID: 0}
  m_PrefabInternal: {fileID: 0}
  serializedVersion: 4
  m_Component:
  - 4: {fileID: 498728132}
  - 114: {fileID: 498728131}
  m_Layer: 0
  m_Name: World_stuff
  m_TagString: Untagged
  m_Icon: {fileID: 0}
  m_NavMeshLayer: 0
  m_StaticEditorFlags: 0
  m_IsActive: 1
--- !u!114 &498728131
MonoBehaviour:
  m_ObjectHideFlags: 0
  m_PrefabParentObject: {fileID: 0}
  m_PrefabInternal: {fileID: 0}
  m_GameObject: {fileID: 498728130}
  m_Enabled: 1
  m_EditorHideFlags: 0
  m_Script: {fileID: 11500000, guid: e24ac18210fba4f3db40245e3e4e24d4, type: 3}
  m_Name: 
  m_EditorClassIdentifier: 
  collectiblesCollected: []
--- !u!4 &498728132
Transform:
  m_ObjectHideFlags: 0
  m_PrefabParentObject: {fileID: 0}
  m_PrefabInternal: {fileID: 0}
  m_GameObject: {fileID: 498728130}
  m_LocalRotation: {x: 0, y: 0, z: 0, w: 1}
  m_LocalPosition: {x: -11.2038956, y: 6.14404297, z: .542045593}
  m_LocalScale: {x: 1, y: 1, z: 1}
  m_Children: []
  m_Father: {fileID: 0}
--- !u!1 &751019069
GameObject:
  m_ObjectHideFlags: 0
  m_PrefabParentObject: {fileID: 100002, guid: 8b4abee8fcbd34067a7f895d03c4cecc, type: 2}
  m_PrefabInternal: {fileID: 1070118171}
  serializedVersion: 4
  m_Component:
  - 4: {fileID: 751019070}
  - 143: {fileID: 751019075}
  - 114: {fileID: 751019074}
  - 114: {fileID: 751019073}
  - 114: {fileID: 751019072}
  - 114: {fileID: 751019071}
  - 114: {fileID: 751019077}
  - 114: {fileID: 751019076}
  m_Layer: 8
  m_Name: AngryCharacter
  m_TagString: Untagged
  m_Icon: {fileID: 0}
  m_NavMeshLayer: 0
  m_StaticEditorFlags: 0
  m_IsActive: 1
--- !u!4 &751019070
Transform:
  m_ObjectHideFlags: 0
  m_PrefabParentObject: {fileID: 400002, guid: 8b4abee8fcbd34067a7f895d03c4cecc, type: 2}
  m_PrefabInternal: {fileID: 1070118171}
  m_GameObject: {fileID: 751019069}
  m_LocalRotation: {x: 0, y: 0, z: 0, w: 1}
  m_LocalPosition: {x: -4.40271091, y: 2.98315239, z: -6.03873539}
  m_LocalScale: {x: 1, y: 1, z: 1}
  m_Children:
  - {fileID: 193128960}
  - {fileID: 814902618}
  m_Father: {fileID: 0}
--- !u!114 &751019071
MonoBehaviour:
  m_ObjectHideFlags: 0
  m_PrefabParentObject: {fileID: 11400004, guid: 8b4abee8fcbd34067a7f895d03c4cecc,
    type: 2}
  m_PrefabInternal: {fileID: 1070118171}
  m_GameObject: {fileID: 751019069}
  m_Enabled: 1
  m_EditorHideFlags: 0
  m_Script: {fileID: 11500000, guid: 8d3083e093e830a4a9c90e21700e7b65, type: 3}
  m_Name: 
  m_EditorClassIdentifier: 
--- !u!114 &751019072
MonoBehaviour:
  m_ObjectHideFlags: 0
  m_PrefabParentObject: {fileID: 11400006, guid: 8b4abee8fcbd34067a7f895d03c4cecc,
    type: 2}
  m_PrefabInternal: {fileID: 1070118171}
  m_GameObject: {fileID: 751019069}
  m_Enabled: 1
  m_EditorHideFlags: 0
  m_Script: {fileID: 11500000, guid: 60bca8f58a0b8478e946e6e86658cb29, type: 3}
  m_Name: 
  m_EditorClassIdentifier: 
--- !u!114 &751019073
MonoBehaviour:
  m_ObjectHideFlags: 0
  m_PrefabParentObject: {fileID: 11400008, guid: 8b4abee8fcbd34067a7f895d03c4cecc,
    type: 2}
  m_PrefabInternal: {fileID: 1070118171}
  m_GameObject: {fileID: 751019069}
  m_Enabled: 1
  m_EditorHideFlags: 0
  m_Script: {fileID: 11500000, guid: 0ab79d7f243824f5d9826bd83522c8df, type: 3}
  m_Name: 
  m_EditorClassIdentifier: 
  canControl: 1
  useFixedUpdate: 1
  movement:
    maxForwardSpeed: 6
    maxSidewaysSpeed: 6
    maxBackwardsSpeed: 6
    slopeSpeedMultiplier:
      serializedVersion: 2
      m_Curve:
      - time: -90
        value: 1
        inSlope: 0
        outSlope: 0
        tangentMode: 0
      - time: 0
        value: 1
        inSlope: 0
        outSlope: 0
        tangentMode: 0
      - time: 90
        value: 0
        inSlope: 0
        outSlope: 0
        tangentMode: 0
      m_PreInfinity: 2
      m_PostInfinity: 2
    maxGroundAcceleration: 20
    maxAirAcceleration: 15
    gravity: 20
    maxFallSpeed: 20
  jumping:
    enabled: 1
    baseHeight: 1
    extraHeight: 1
    perpAmount: 0
    steepPerpAmount: .5
  movingPlatform:
    enabled: 1
    movementTransfer: 2
  sliding:
    enabled: 1
    slidingSpeed: 10
    sidewaysControl: 1
    speedControl: .400000006
--- !u!114 &751019074
MonoBehaviour:
  m_ObjectHideFlags: 0
  m_PrefabParentObject: {fileID: 11400010, guid: 8b4abee8fcbd34067a7f895d03c4cecc,
    type: 2}
  m_PrefabInternal: {fileID: 1070118171}
  m_GameObject: {fileID: 751019069}
  m_Enabled: 1
  m_EditorHideFlags: 0
  m_Script: {fileID: 11500000, guid: 68ec2fe99d1108b9d0006a298d76c639, type: 3}
  m_Name: 
  m_EditorClassIdentifier: 
  axes: 1
  sensitivityX: 15
  sensitivityY: 0
  minimumX: -360
  maximumX: 360
  minimumY: 0
  maximumY: 0
--- !u!143 &751019075
CharacterController:
  m_ObjectHideFlags: 0
  m_PrefabParentObject: {fileID: 14300000, guid: 8b4abee8fcbd34067a7f895d03c4cecc,
    type: 2}
  m_PrefabInternal: {fileID: 1070118171}
  m_GameObject: {fileID: 751019069}
  serializedVersion: 2
  m_Height: 2
  m_Radius: .400000006
  m_SlopeLimit: 45
  m_StepOffset: .400000006
  m_SkinWidth: .0500000007
  m_MinMoveDistance: 0
  m_Center: {x: 0, y: 0, z: 0}
--- !u!114 &751019076
MonoBehaviour:
  m_ObjectHideFlags: 0
  m_PrefabParentObject: {fileID: 11400000, guid: 8b4abee8fcbd34067a7f895d03c4cecc,
    type: 2}
  m_PrefabInternal: {fileID: 1070118171}
  m_GameObject: {fileID: 751019069}
  m_Enabled: 1
  m_EditorHideFlags: 0
  m_Script: {fileID: 11500000, guid: 8d3083e093e830a4a9c90e21700e7b65, type: 3}
  m_Name: 
  m_EditorClassIdentifier: 
--- !u!114 &751019077
MonoBehaviour:
  m_ObjectHideFlags: 0
  m_PrefabParentObject: {fileID: 11400002, guid: 8b4abee8fcbd34067a7f895d03c4cecc,
    type: 2}
  m_PrefabInternal: {fileID: 1070118171}
  m_GameObject: {fileID: 751019069}
  m_Enabled: 1
  m_EditorHideFlags: 0
  m_Script: {fileID: 11500000, guid: 8d3083e093e830a4a9c90e21700e7b65, type: 3}
  m_Name: 
  m_EditorClassIdentifier: 
--- !u!1 &804125833
GameObject:
  m_ObjectHideFlags: 0
  m_PrefabParentObject: {fileID: 100000, guid: 8d6eb6879a8874f2fbe55a23e73132cf, type: 2}
  m_PrefabInternal: {fileID: 343317210}
  serializedVersion: 4
  m_Component:
  - 4: {fileID: 804125836}
  - 33: {fileID: 804125835}
  - 23: {fileID: 804125834}
  m_Layer: 0
  m_Name: Graphics
  m_TagString: Untagged
  m_Icon: {fileID: 0}
  m_NavMeshLayer: 0
  m_StaticEditorFlags: 0
  m_IsActive: 1
--- !u!23 &804125834
Renderer:
  m_ObjectHideFlags: 0
  m_PrefabParentObject: {fileID: 2300000, guid: 8d6eb6879a8874f2fbe55a23e73132cf,
    type: 2}
  m_PrefabInternal: {fileID: 343317210}
  m_GameObject: {fileID: 804125833}
  m_Enabled: 1
  m_CastShadows: 0
  m_ReceiveShadows: 0
  m_LightmapIndex: 255
  m_LightmapTilingOffset: {x: 1, y: 1, z: 0, w: 0}
  m_Materials:
  - {fileID: 2100000, guid: ce2234f2e5c1f452c8cfc13e41b72a15, type: 2}
  m_SubsetIndices: 
  m_StaticBatchRoot: {fileID: 0}
  m_UseLightProbes: 0
  m_LightProbeAnchor: {fileID: 0}
  m_ScaleInLightmap: 1
  m_SortingLayer: 0
  m_SortingOrder: 0
  m_SortingLayerID: 0
--- !u!33 &804125835
MeshFilter:
  m_ObjectHideFlags: 0
  m_PrefabParentObject: {fileID: 3300000, guid: 8d6eb6879a8874f2fbe55a23e73132cf,
    type: 2}
  m_PrefabInternal: {fileID: 343317210}
  m_GameObject: {fileID: 804125833}
  m_Mesh: {fileID: 10205, guid: 0000000000000000e000000000000000, type: 0}
--- !u!4 &804125836
Transform:
  m_ObjectHideFlags: 0
  m_PrefabParentObject: {fileID: 400000, guid: 8d6eb6879a8874f2fbe55a23e73132cf, type: 2}
  m_PrefabInternal: {fileID: 343317210}
  m_GameObject: {fileID: 804125833}
  m_LocalRotation: {x: -0, y: 0, z: 0, w: 1}
  m_LocalPosition: {x: 0, y: 0, z: 0}
  m_LocalScale: {x: .400000006, y: .5, z: .400000006}
  m_Children: []
  m_Father: {fileID: 1688713296}
--- !u!1 &814902617
GameObject:
  m_ObjectHideFlags: 0
  m_PrefabParentObject: {fileID: 100004, guid: 8b4abee8fcbd34067a7f895d03c4cecc, type: 2}
  m_PrefabInternal: {fileID: 1070118171}
  serializedVersion: 4
  m_Component:
  - 4: {fileID: 814902618}
  - 20: {fileID: 814902623}
  - 92: {fileID: 814902622}
  - 124: {fileID: 814902621}
  - 114: {fileID: 814902620}
  - 81: {fileID: 814902619}
  m_Layer: 0
  m_Name: Main Camera
  m_TagString: MainCamera
  m_Icon: {fileID: 0}
  m_NavMeshLayer: 0
  m_StaticEditorFlags: 0
  m_IsActive: 1
--- !u!4 &814902618
Transform:
  m_ObjectHideFlags: 0
  m_PrefabParentObject: {fileID: 400004, guid: 8b4abee8fcbd34067a7f895d03c4cecc, type: 2}
  m_PrefabInternal: {fileID: 1070118171}
  m_GameObject: {fileID: 814902617}
  m_LocalRotation: {x: 0, y: 0, z: 0, w: 1}
  m_LocalPosition: {x: 0, y: .907083511, z: 0}
  m_LocalScale: {x: 1, y: 1, z: 1}
  m_Children: []
  m_Father: {fileID: 751019070}
--- !u!81 &814902619
AudioListener:
  m_ObjectHideFlags: 0
  m_PrefabParentObject: {fileID: 8100000, guid: 8b4abee8fcbd34067a7f895d03c4cecc,
    type: 2}
  m_PrefabInternal: {fileID: 1070118171}
  m_GameObject: {fileID: 814902617}
  m_Enabled: 1
--- !u!114 &814902620
MonoBehaviour:
  m_ObjectHideFlags: 0
  m_PrefabParentObject: {fileID: 11400012, guid: 8b4abee8fcbd34067a7f895d03c4cecc,
    type: 2}
  m_PrefabInternal: {fileID: 1070118171}
  m_GameObject: {fileID: 814902617}
  m_Enabled: 1
  m_EditorHideFlags: 0
  m_Script: {fileID: 11500000, guid: 68ec2fe99d1108b9d0006a298d76c639, type: 3}
  m_Name: 
  m_EditorClassIdentifier: 
  axes: 2
  sensitivityX: 10
  sensitivityY: 10
  minimumX: 0
  maximumX: 360
  minimumY: -60
  maximumY: 60
--- !u!124 &814902621
Behaviour:
  m_ObjectHideFlags: 0
  m_PrefabParentObject: {fileID: 12400000, guid: 8b4abee8fcbd34067a7f895d03c4cecc,
    type: 2}
  m_PrefabInternal: {fileID: 1070118171}
  m_GameObject: {fileID: 814902617}
  m_Enabled: 1
--- !u!92 &814902622
Behaviour:
  m_ObjectHideFlags: 0
  m_PrefabParentObject: {fileID: 9200000, guid: 8b4abee8fcbd34067a7f895d03c4cecc,
    type: 2}
  m_PrefabInternal: {fileID: 1070118171}
  m_GameObject: {fileID: 814902617}
  m_Enabled: 1
--- !u!20 &814902623
Camera:
  m_ObjectHideFlags: 0
  m_PrefabParentObject: {fileID: 2000000, guid: 8b4abee8fcbd34067a7f895d03c4cecc,
    type: 2}
  m_PrefabInternal: {fileID: 1070118171}
  m_GameObject: {fileID: 814902617}
  m_Enabled: 1
  serializedVersion: 2
  m_ClearFlags: 1
  m_BackGroundColor: {r: .19166474, g: .301966369, b: .474509805, a: 1}
  m_NormalizedViewPortRect:
    serializedVersion: 2
    x: 0
    y: 0
    width: 1
    height: 1
  near clip plane: .300000012
  far clip plane: 1000
  field of view: 60
  orthographic: 0
  orthographic size: 100
  m_Depth: 0
  m_CullingMask:
    serializedVersion: 2
    m_Bits: 4294967295
  m_RenderingPath: -1
  m_TargetTexture: {fileID: 0}
  m_HDR: 0
  m_OcclusionCulling: 1
--- !u!1 &828401943
GameObject:
  m_ObjectHideFlags: 0
  m_PrefabParentObject: {fileID: 100002, guid: 8d6eb6879a8874f2fbe55a23e73132cf, type: 2}
  m_PrefabInternal: {fileID: 343317210}
  serializedVersion: 4
  m_Component:
  - 4: {fileID: 828401944}
  - 20: {fileID: 828401949}
  - 92: {fileID: 828401948}
  - 124: {fileID: 828401947}
  - 114: {fileID: 828401946}
  - 81: {fileID: 828401945}
  m_Layer: 0
  m_Name: Main Camera
  m_TagString: MainCamera
  m_Icon: {fileID: 0}
  m_NavMeshLayer: 0
  m_StaticEditorFlags: 0
  m_IsActive: 1
--- !u!4 &828401944
Transform:
  m_ObjectHideFlags: 0
  m_PrefabParentObject: {fileID: 400002, guid: 8d6eb6879a8874f2fbe55a23e73132cf, type: 2}
  m_PrefabInternal: {fileID: 343317210}
  m_GameObject: {fileID: 828401943}
  m_LocalRotation: {x: 0, y: 0, z: 0, w: 1}
  m_LocalPosition: {x: 0, y: .907083511, z: 0}
  m_LocalScale: {x: 1, y: 1, z: 1}
  m_Children: []
  m_Father: {fileID: 1688713296}
--- !u!81 &828401945
AudioListener:
  m_ObjectHideFlags: 0
  m_PrefabParentObject: {fileID: 8100000, guid: 8d6eb6879a8874f2fbe55a23e73132cf,
    type: 2}
  m_PrefabInternal: {fileID: 343317210}
  m_GameObject: {fileID: 828401943}
  m_Enabled: 1
--- !u!114 &828401946
MonoBehaviour:
  m_ObjectHideFlags: 0
  m_PrefabParentObject: {fileID: 11400004, guid: 8d6eb6879a8874f2fbe55a23e73132cf,
    type: 2}
  m_PrefabInternal: {fileID: 343317210}
  m_GameObject: {fileID: 828401943}
  m_Enabled: 1
  m_EditorHideFlags: 0
  m_Script: {fileID: 11500000, guid: 68ec2fe99d1108b9d0006a298d76c639, type: 3}
  m_Name: 
  m_EditorClassIdentifier: 
  axes: 2
  sensitivityX: 10
  sensitivityY: 10
  minimumX: 0
  maximumX: 360
  minimumY: -60
  maximumY: 60
--- !u!124 &828401947
Behaviour:
  m_ObjectHideFlags: 0
  m_PrefabParentObject: {fileID: 12400000, guid: 8d6eb6879a8874f2fbe55a23e73132cf,
    type: 2}
  m_PrefabInternal: {fileID: 343317210}
  m_GameObject: {fileID: 828401943}
  m_Enabled: 1
--- !u!92 &828401948
Behaviour:
  m_ObjectHideFlags: 0
  m_PrefabParentObject: {fileID: 9200000, guid: 8d6eb6879a8874f2fbe55a23e73132cf,
    type: 2}
  m_PrefabInternal: {fileID: 343317210}
  m_GameObject: {fileID: 828401943}
  m_Enabled: 1
--- !u!20 &828401949
Camera:
  m_ObjectHideFlags: 0
  m_PrefabParentObject: {fileID: 2000000, guid: 8d6eb6879a8874f2fbe55a23e73132cf,
    type: 2}
  m_PrefabInternal: {fileID: 343317210}
  m_GameObject: {fileID: 828401943}
  m_Enabled: 1
  serializedVersion: 2
  m_ClearFlags: 1
  m_BackGroundColor: {r: .19166474, g: .301966369, b: .474509805, a: 1}
  m_NormalizedViewPortRect:
    serializedVersion: 2
    x: 0
    y: 0
    width: 1
    height: 1
  near clip plane: .300000012
  far clip plane: 1000
  field of view: 60
  orthographic: 0
  orthographic size: 100
  m_Depth: 0
  m_CullingMask:
    serializedVersion: 2
    m_Bits: 4294967295
  m_RenderingPath: -1
  m_TargetTexture: {fileID: 0}
  m_HDR: 0
  m_OcclusionCulling: 1
--- !u!1 &996036610
GameObject:
  m_ObjectHideFlags: 0
  m_PrefabParentObject: {fileID: 100002, guid: 9d4133d5d30b644bd87802a347eaccbe, type: 2}
  m_PrefabInternal: {fileID: 1400236937}
  serializedVersion: 4
  m_Component:
  - 4: {fileID: 996036611}
  - 143: {fileID: 996036616}
  - 114: {fileID: 996036615}
  - 114: {fileID: 996036614}
  - 114: {fileID: 996036613}
  - 114: {fileID: 996036618}
  - 114: {fileID: 996036612}
  - 114: {fileID: 996036617}
  m_Layer: 8
  m_Name: HappyCharacter
  m_TagString: Untagged
  m_Icon: {fileID: 0}
  m_NavMeshLayer: 0
  m_StaticEditorFlags: 0
  m_IsActive: 1
--- !u!4 &996036611
Transform:
  m_ObjectHideFlags: 0
  m_PrefabParentObject: {fileID: 400002, guid: 9d4133d5d30b644bd87802a347eaccbe, type: 2}
  m_PrefabInternal: {fileID: 1400236937}
  m_GameObject: {fileID: 996036610}
  m_LocalRotation: {x: 0, y: 0, z: 0, w: 1}
  m_LocalPosition: {x: 4.18214798, y: 2.98315239, z: -8.56175327}
  m_LocalScale: {x: 1, y: 1, z: 1}
  m_Children:
  - {fileID: 1492440130}
  - {fileID: 1382598500}
  m_Father: {fileID: 0}
--- !u!114 &996036612
MonoBehaviour:
  m_ObjectHideFlags: 0
  m_PrefabParentObject: {fileID: 11400010, guid: 9d4133d5d30b644bd87802a347eaccbe,
    type: 2}
  m_PrefabInternal: {fileID: 1400236937}
  m_GameObject: {fileID: 996036610}
  m_Enabled: 1
  m_EditorHideFlags: 0
  m_Script: {fileID: 11500000, guid: 8d3083e093e830a4a9c90e21700e7b65, type: 3}
  m_Name: 
  m_EditorClassIdentifier: 
--- !u!114 &996036613
MonoBehaviour:
  m_ObjectHideFlags: 0
  m_PrefabParentObject: {fileID: 11400004, guid: 9d4133d5d30b644bd87802a347eaccbe,
    type: 2}
  m_PrefabInternal: {fileID: 1400236937}
  m_GameObject: {fileID: 996036610}
  m_Enabled: 1
  m_EditorHideFlags: 0
  m_Script: {fileID: 11500000, guid: 60bca8f58a0b8478e946e6e86658cb29, type: 3}
  m_Name: 
  m_EditorClassIdentifier: 
--- !u!114 &996036614
MonoBehaviour:
  m_ObjectHideFlags: 0
  m_PrefabParentObject: {fileID: 11400002, guid: 9d4133d5d30b644bd87802a347eaccbe,
    type: 2}
  m_PrefabInternal: {fileID: 1400236937}
  m_GameObject: {fileID: 996036610}
  m_Enabled: 1
  m_EditorHideFlags: 0
  m_Script: {fileID: 11500000, guid: 0ab79d7f243824f5d9826bd83522c8df, type: 3}
  m_Name: 
  m_EditorClassIdentifier: 
  canControl: 1
  useFixedUpdate: 1
  movement:
    maxForwardSpeed: 6
    maxSidewaysSpeed: 6
    maxBackwardsSpeed: 6
    slopeSpeedMultiplier:
      serializedVersion: 2
      m_Curve:
      - time: -90
        value: 1
        inSlope: 0
        outSlope: 0
        tangentMode: 0
      - time: 0
        value: 1
        inSlope: 0
        outSlope: 0
        tangentMode: 0
      - time: 90
        value: 0
        inSlope: 0
        outSlope: 0
        tangentMode: 0
      m_PreInfinity: 2
      m_PostInfinity: 2
    maxGroundAcceleration: 20
    maxAirAcceleration: 15
    gravity: 20
    maxFallSpeed: 20
  jumping:
    enabled: 1
    baseHeight: 1
    extraHeight: 1
    perpAmount: 0
    steepPerpAmount: .5
  movingPlatform:
    enabled: 1
    movementTransfer: 2
  sliding:
    enabled: 1
    slidingSpeed: 10
    sidewaysControl: 1
    speedControl: .400000006
--- !u!114 &996036615
MonoBehaviour:
  m_ObjectHideFlags: 0
  m_PrefabParentObject: {fileID: 11400000, guid: 9d4133d5d30b644bd87802a347eaccbe,
    type: 2}
  m_PrefabInternal: {fileID: 1400236937}
  m_GameObject: {fileID: 996036610}
  m_Enabled: 1
  m_EditorHideFlags: 0
  m_Script: {fileID: 11500000, guid: 68ec2fe99d1108b9d0006a298d76c639, type: 3}
  m_Name: 
  m_EditorClassIdentifier: 
  axes: 1
  sensitivityX: 15
  sensitivityY: 0
  minimumX: -360
  maximumX: 360
  minimumY: 0
  maximumY: 0
--- !u!143 &996036616
CharacterController:
  m_ObjectHideFlags: 0
  m_PrefabParentObject: {fileID: 14300000, guid: 9d4133d5d30b644bd87802a347eaccbe,
    type: 2}
  m_PrefabInternal: {fileID: 1400236937}
  m_GameObject: {fileID: 996036610}
  serializedVersion: 2
  m_Height: 2
  m_Radius: .400000006
  m_SlopeLimit: 45
  m_StepOffset: .400000006
  m_SkinWidth: .0500000007
  m_MinMoveDistance: 0
  m_Center: {x: 0, y: 0, z: 0}
--- !u!114 &996036617
MonoBehaviour:
  m_ObjectHideFlags: 0
  m_PrefabParentObject: {fileID: 11400012, guid: 9d4133d5d30b644bd87802a347eaccbe,
    type: 2}
  m_PrefabInternal: {fileID: 1400236937}
  m_GameObject: {fileID: 996036610}
  m_Enabled: 1
  m_EditorHideFlags: 0
  m_Script: {fileID: 11500000, guid: 8d3083e093e830a4a9c90e21700e7b65, type: 3}
  m_Name: 
  m_EditorClassIdentifier: 
--- !u!114 &996036618
MonoBehaviour:
  m_ObjectHideFlags: 0
  m_PrefabParentObject: {fileID: 11400008, guid: 9d4133d5d30b644bd87802a347eaccbe,
    type: 2}
  m_PrefabInternal: {fileID: 1400236937}
  m_GameObject: {fileID: 996036610}
  m_Enabled: 1
  m_EditorHideFlags: 0
  m_Script: {fileID: 11500000, guid: 8d3083e093e830a4a9c90e21700e7b65, type: 3}
  m_Name: 
  m_EditorClassIdentifier: 
--- !u!1001 &1070118171
Prefab:
  m_ObjectHideFlags: 0
  serializedVersion: 2
  m_Modification:
    m_TransformParent: {fileID: 0}
    m_Modifications:
    - target: {fileID: 400002, guid: 8b4abee8fcbd34067a7f895d03c4cecc, type: 2}
      propertyPath: m_LocalPosition.x
      value: -4.40271091
      objectReference: {fileID: 0}
    - target: {fileID: 400002, guid: 8b4abee8fcbd34067a7f895d03c4cecc, type: 2}
      propertyPath: m_LocalPosition.y
      value: 2.98315239
      objectReference: {fileID: 0}
    - target: {fileID: 400002, guid: 8b4abee8fcbd34067a7f895d03c4cecc, type: 2}
      propertyPath: m_LocalPosition.z
      value: -6.03873539
      objectReference: {fileID: 0}
    - target: {fileID: 400002, guid: 8b4abee8fcbd34067a7f895d03c4cecc, type: 2}
      propertyPath: m_LocalRotation.x
      value: 0
      objectReference: {fileID: 0}
    - target: {fileID: 400002, guid: 8b4abee8fcbd34067a7f895d03c4cecc, type: 2}
      propertyPath: m_LocalRotation.y
      value: 0
      objectReference: {fileID: 0}
    - target: {fileID: 400002, guid: 8b4abee8fcbd34067a7f895d03c4cecc, type: 2}
      propertyPath: m_LocalRotation.z
      value: 0
      objectReference: {fileID: 0}
    - target: {fileID: 400002, guid: 8b4abee8fcbd34067a7f895d03c4cecc, type: 2}
      propertyPath: m_LocalRotation.w
      value: 1
      objectReference: {fileID: 0}
    - target: {fileID: 100002, guid: 8b4abee8fcbd34067a7f895d03c4cecc, type: 2}
      propertyPath: m_Name
      value: AngryCharacter
      objectReference: {fileID: 0}
    - target: {fileID: 2300000, guid: 8b4abee8fcbd34067a7f895d03c4cecc, type: 2}
      propertyPath: m_Materials.Array.data[0]
      value: 
      objectReference: {fileID: 2100000, guid: 84956c28019614dc2a31183d3e8f17cb, type: 2}
    m_RemovedComponents: []
  m_ParentPrefab: {fileID: 100100000, guid: 8b4abee8fcbd34067a7f895d03c4cecc, type: 2}
  m_RootGameObject: {fileID: 751019069}
  m_IsPrefabParent: 0
  m_IsExploded: 1
--- !u!1 &1099179344
GameObject:
  m_ObjectHideFlags: 0
  m_PrefabParentObject: {fileID: 0}
  m_PrefabInternal: {fileID: 0}
  serializedVersion: 4
  m_Component:
  - 4: {fileID: 1099179349}
  - 20: {fileID: 1099179348}
  - 92: {fileID: 1099179347}
  - 124: {fileID: 1099179346}
  - 81: {fileID: 1099179345}
  m_Layer: 0
  m_Name: Main Camera
  m_TagString: MainCamera
  m_Icon: {fileID: 0}
  m_NavMeshLayer: 0
  m_StaticEditorFlags: 0
  m_IsActive: 1
--- !u!81 &1099179345
AudioListener:
  m_ObjectHideFlags: 0
  m_PrefabParentObject: {fileID: 0}
  m_PrefabInternal: {fileID: 0}
  m_GameObject: {fileID: 1099179344}
  m_Enabled: 1
--- !u!124 &1099179346
Behaviour:
  m_ObjectHideFlags: 0
  m_PrefabParentObject: {fileID: 0}
  m_PrefabInternal: {fileID: 0}
  m_GameObject: {fileID: 1099179344}
  m_Enabled: 1
--- !u!92 &1099179347
Behaviour:
  m_ObjectHideFlags: 0
  m_PrefabParentObject: {fileID: 0}
  m_PrefabInternal: {fileID: 0}
  m_GameObject: {fileID: 1099179344}
  m_Enabled: 1
--- !u!20 &1099179348
Camera:
  m_ObjectHideFlags: 0
  m_PrefabParentObject: {fileID: 0}
  m_PrefabInternal: {fileID: 0}
  m_GameObject: {fileID: 1099179344}
  m_Enabled: 1
  serializedVersion: 2
  m_ClearFlags: 1
  m_BackGroundColor: {r: .192156866, g: .301960796, b: .474509805, a: .0196078438}
  m_NormalizedViewPortRect:
    serializedVersion: 2
    x: 0
    y: 0
    width: 1
    height: 1
  near clip plane: .300000012
  far clip plane: 1000
  field of view: 60
  orthographic: 0
  orthographic size: 5
  m_Depth: -1
  m_CullingMask:
    serializedVersion: 2
    m_Bits: 4294967295
  m_RenderingPath: -1
  m_TargetTexture: {fileID: 0}
  m_HDR: 0
  m_OcclusionCulling: 1
--- !u!4 &1099179349
Transform:
  m_ObjectHideFlags: 0
  m_PrefabParentObject: {fileID: 0}
  m_PrefabInternal: {fileID: 0}
  m_GameObject: {fileID: 1099179344}
  m_LocalRotation: {x: 0, y: 0, z: 0, w: 1}
  m_LocalPosition: {x: 0, y: 1, z: -10}
  m_LocalScale: {x: 1, y: 1, z: 1}
  m_Children: []
  m_Father: {fileID: 0}
--- !u!1 &1382598499
GameObject:
  m_ObjectHideFlags: 0
  m_PrefabParentObject: {fileID: 100004, guid: 9d4133d5d30b644bd87802a347eaccbe, type: 2}
  m_PrefabInternal: {fileID: 1400236937}
  serializedVersion: 4
  m_Component:
  - 4: {fileID: 1382598500}
  - 20: {fileID: 1382598505}
  - 92: {fileID: 1382598504}
  - 124: {fileID: 1382598503}
  - 114: {fileID: 1382598502}
  - 81: {fileID: 1382598501}
  m_Layer: 0
  m_Name: Main Camera
  m_TagString: MainCamera
  m_Icon: {fileID: 0}
  m_NavMeshLayer: 0
  m_StaticEditorFlags: 0
  m_IsActive: 1
--- !u!4 &1382598500
Transform:
  m_ObjectHideFlags: 0
  m_PrefabParentObject: {fileID: 400004, guid: 9d4133d5d30b644bd87802a347eaccbe, type: 2}
  m_PrefabInternal: {fileID: 1400236937}
  m_GameObject: {fileID: 1382598499}
  m_LocalRotation: {x: 0, y: 0, z: 0, w: 1}
  m_LocalPosition: {x: 0, y: .907083511, z: 0}
  m_LocalScale: {x: 1, y: 1, z: 1}
  m_Children: []
  m_Father: {fileID: 996036611}
--- !u!81 &1382598501
AudioListener:
  m_ObjectHideFlags: 0
  m_PrefabParentObject: {fileID: 8100000, guid: 9d4133d5d30b644bd87802a347eaccbe,
    type: 2}
  m_PrefabInternal: {fileID: 1400236937}
  m_GameObject: {fileID: 1382598499}
  m_Enabled: 1
--- !u!114 &1382598502
MonoBehaviour:
  m_ObjectHideFlags: 0
  m_PrefabParentObject: {fileID: 11400006, guid: 9d4133d5d30b644bd87802a347eaccbe,
    type: 2}
  m_PrefabInternal: {fileID: 1400236937}
  m_GameObject: {fileID: 1382598499}
  m_Enabled: 1
  m_EditorHideFlags: 0
  m_Script: {fileID: 11500000, guid: 68ec2fe99d1108b9d0006a298d76c639, type: 3}
  m_Name: 
  m_EditorClassIdentifier: 
  axes: 2
  sensitivityX: 10
  sensitivityY: 10
  minimumX: 0
  maximumX: 360
  minimumY: -60
  maximumY: 60
--- !u!124 &1382598503
Behaviour:
  m_ObjectHideFlags: 0
  m_PrefabParentObject: {fileID: 12400000, guid: 9d4133d5d30b644bd87802a347eaccbe,
    type: 2}
  m_PrefabInternal: {fileID: 1400236937}
  m_GameObject: {fileID: 1382598499}
  m_Enabled: 1
--- !u!92 &1382598504
Behaviour:
  m_ObjectHideFlags: 0
  m_PrefabParentObject: {fileID: 9200000, guid: 9d4133d5d30b644bd87802a347eaccbe,
    type: 2}
  m_PrefabInternal: {fileID: 1400236937}
  m_GameObject: {fileID: 1382598499}
  m_Enabled: 1
--- !u!20 &1382598505
Camera:
  m_ObjectHideFlags: 0
  m_PrefabParentObject: {fileID: 2000000, guid: 9d4133d5d30b644bd87802a347eaccbe,
    type: 2}
  m_PrefabInternal: {fileID: 1400236937}
  m_GameObject: {fileID: 1382598499}
  m_Enabled: 1
  serializedVersion: 2
  m_ClearFlags: 1
  m_BackGroundColor: {r: .19166474, g: .301966369, b: .474509805, a: 1}
  m_NormalizedViewPortRect:
    serializedVersion: 2
    x: 0
    y: 0
    width: 1
    height: 1
  near clip plane: .300000012
  far clip plane: 1000
  field of view: 60
  orthographic: 0
  orthographic size: 100
  m_Depth: 0
  m_CullingMask:
    serializedVersion: 2
    m_Bits: 4294967295
  m_RenderingPath: -1
  m_TargetTexture: {fileID: 0}
  m_HDR: 0
  m_OcclusionCulling: 1
--- !u!1001 &1400236937
Prefab:
  m_ObjectHideFlags: 0
  serializedVersion: 2
  m_Modification:
    m_TransformParent: {fileID: 0}
    m_Modifications:
    - target: {fileID: 400002, guid: 9d4133d5d30b644bd87802a347eaccbe, type: 2}
      propertyPath: m_LocalPosition.x
      value: 4.18214798
      objectReference: {fileID: 0}
    - target: {fileID: 400002, guid: 9d4133d5d30b644bd87802a347eaccbe, type: 2}
      propertyPath: m_LocalPosition.y
      value: 2.98315239
      objectReference: {fileID: 0}
    - target: {fileID: 400002, guid: 9d4133d5d30b644bd87802a347eaccbe, type: 2}
      propertyPath: m_LocalPosition.z
      value: -8.56175327
      objectReference: {fileID: 0}
    - target: {fileID: 400002, guid: 9d4133d5d30b644bd87802a347eaccbe, type: 2}
      propertyPath: m_LocalRotation.x
      value: 0
      objectReference: {fileID: 0}
    - target: {fileID: 400002, guid: 9d4133d5d30b644bd87802a347eaccbe, type: 2}
      propertyPath: m_LocalRotation.y
      value: 0
      objectReference: {fileID: 0}
    - target: {fileID: 400002, guid: 9d4133d5d30b644bd87802a347eaccbe, type: 2}
      propertyPath: m_LocalRotation.z
      value: 0
      objectReference: {fileID: 0}
    - target: {fileID: 400002, guid: 9d4133d5d30b644bd87802a347eaccbe, type: 2}
      propertyPath: m_LocalRotation.w
      value: 1
      objectReference: {fileID: 0}
    - target: {fileID: 100002, guid: 9d4133d5d30b644bd87802a347eaccbe, type: 2}
      propertyPath: m_Name
      value: HappyCharacter
      objectReference: {fileID: 0}
    - target: {fileID: 2300000, guid: 9d4133d5d30b644bd87802a347eaccbe, type: 2}
      propertyPath: m_Materials.Array.data[0]
      value: 
      objectReference: {fileID: 2100000, guid: 5489c092c27854a45a8de791c1f6bba6, type: 2}
    m_RemovedComponents: []
  m_ParentPrefab: {fileID: 100100000, guid: 9d4133d5d30b644bd87802a347eaccbe, type: 2}
  m_RootGameObject: {fileID: 996036610}
  m_IsPrefabParent: 0
  m_IsExploded: 1
--- !u!1 &1492440127
GameObject:
  m_ObjectHideFlags: 0
  m_PrefabParentObject: {fileID: 100000, guid: 9d4133d5d30b644bd87802a347eaccbe, type: 2}
  m_PrefabInternal: {fileID: 1400236937}
  serializedVersion: 4
  m_Component:
  - 4: {fileID: 1492440130}
  - 33: {fileID: 1492440129}
  - 23: {fileID: 1492440128}
  m_Layer: 0
  m_Name: Graphics
  m_TagString: Untagged
  m_Icon: {fileID: 0}
  m_NavMeshLayer: 0
  m_StaticEditorFlags: 0
  m_IsActive: 1
--- !u!23 &1492440128
Renderer:
  m_ObjectHideFlags: 0
  m_PrefabParentObject: {fileID: 2300000, guid: 9d4133d5d30b644bd87802a347eaccbe,
    type: 2}
  m_PrefabInternal: {fileID: 1400236937}
  m_GameObject: {fileID: 1492440127}
  m_Enabled: 1
  m_CastShadows: 0
  m_ReceiveShadows: 0
  m_LightmapIndex: 255
  m_LightmapTilingOffset: {x: 1, y: 1, z: 0, w: 0}
  m_Materials:
  - {fileID: 2100000, guid: 5489c092c27854a45a8de791c1f6bba6, type: 2}
  m_SubsetIndices: 
  m_StaticBatchRoot: {fileID: 0}
  m_UseLightProbes: 0
  m_LightProbeAnchor: {fileID: 0}
  m_ScaleInLightmap: 1
  m_SortingLayer: 0
  m_SortingOrder: 0
  m_SortingLayerID: 0
--- !u!33 &1492440129
MeshFilter:
  m_ObjectHideFlags: 0
  m_PrefabParentObject: {fileID: 3300000, guid: 9d4133d5d30b644bd87802a347eaccbe,
    type: 2}
  m_PrefabInternal: {fileID: 1400236937}
  m_GameObject: {fileID: 1492440127}
  m_Mesh: {fileID: 10205, guid: 0000000000000000e000000000000000, type: 0}
--- !u!4 &1492440130
Transform:
  m_ObjectHideFlags: 0
  m_PrefabParentObject: {fileID: 400000, guid: 9d4133d5d30b644bd87802a347eaccbe, type: 2}
  m_PrefabInternal: {fileID: 1400236937}
  m_GameObject: {fileID: 1492440127}
  m_LocalRotation: {x: -0, y: 0, z: 0, w: 1}
  m_LocalPosition: {x: 0, y: 0, z: 0}
  m_LocalScale: {x: .400000006, y: .5, z: .400000006}
  m_Children: []
  m_Father: {fileID: 996036611}
--- !u!1 &1688713295
GameObject:
  m_ObjectHideFlags: 0
  m_PrefabParentObject: {fileID: 100004, guid: 8d6eb6879a8874f2fbe55a23e73132cf, type: 2}
  m_PrefabInternal: {fileID: 343317210}
  serializedVersion: 4
  m_Component:
  - 4: {fileID: 1688713296}
  - 143: {fileID: 1688713300}
  - 114: {fileID: 1688713299}
  - 114: {fileID: 1688713298}
  - 114: {fileID: 1688713297}
  - 114: {fileID: 1688713303}
  - 114: {fileID: 1688713302}
  - 114: {fileID: 1688713301}
  m_Layer: 8
  m_Name: SadCharacter
  m_TagString: Untagged
  m_Icon: {fileID: 0}
  m_NavMeshLayer: 0
  m_StaticEditorFlags: 0
  m_IsActive: 1
--- !u!4 &1688713296
Transform:
  m_ObjectHideFlags: 0
  m_PrefabParentObject: {fileID: 400004, guid: 8d6eb6879a8874f2fbe55a23e73132cf, type: 2}
  m_PrefabInternal: {fileID: 343317210}
  m_GameObject: {fileID: 1688713295}
  m_LocalRotation: {x: 0, y: 0, z: 0, w: 1}
  m_LocalPosition: {x: 4.18214798, y: 2.98315239, z: 2.54123211}
  m_LocalScale: {x: 1, y: 1, z: 1}
  m_Children:
  - {fileID: 804125836}
  - {fileID: 828401944}
  m_Father: {fileID: 0}
--- !u!114 &1688713297
MonoBehaviour:
  m_ObjectHideFlags: 0
  m_PrefabParentObject: {fileID: 11400006, guid: 8d6eb6879a8874f2fbe55a23e73132cf,
    type: 2}
  m_PrefabInternal: {fileID: 343317210}
  m_GameObject: {fileID: 1688713295}
  m_Enabled: 1
  m_EditorHideFlags: 0
  m_Script: {fileID: 11500000, guid: 60bca8f58a0b8478e946e6e86658cb29, type: 3}
  m_Name: 
  m_EditorClassIdentifier: 
--- !u!114 &1688713298
MonoBehaviour:
  m_ObjectHideFlags: 0
  m_PrefabParentObject: {fileID: 11400008, guid: 8d6eb6879a8874f2fbe55a23e73132cf,
    type: 2}
  m_PrefabInternal: {fileID: 343317210}
  m_GameObject: {fileID: 1688713295}
  m_Enabled: 1
  m_EditorHideFlags: 0
  m_Script: {fileID: 11500000, guid: 0ab79d7f243824f5d9826bd83522c8df, type: 3}
  m_Name: 
  m_EditorClassIdentifier: 
  canControl: 1
  useFixedUpdate: 1
  movement:
    maxForwardSpeed: 6
    maxSidewaysSpeed: 6
    maxBackwardsSpeed: 6
    slopeSpeedMultiplier:
      serializedVersion: 2
      m_Curve:
      - time: -90
        value: 1
        inSlope: 0
        outSlope: 0
        tangentMode: 0
      - time: 0
        value: 1
        inSlope: 0
        outSlope: 0
        tangentMode: 0
      - time: 90
        value: 0
        inSlope: 0
        outSlope: 0
        tangentMode: 0
      m_PreInfinity: 2
      m_PostInfinity: 2
    maxGroundAcceleration: 20
    maxAirAcceleration: 15
    gravity: 20
    maxFallSpeed: 20
  jumping:
    enabled: 1
    baseHeight: 1
    extraHeight: 1
    perpAmount: 0
    steepPerpAmount: .5
  movingPlatform:
    enabled: 1
    movementTransfer: 2
  sliding:
    enabled: 1
    slidingSpeed: 10
    sidewaysControl: 1
    speedControl: .400000006
--- !u!114 &1688713299
MonoBehaviour:
  m_ObjectHideFlags: 0
  m_PrefabParentObject: {fileID: 11400010, guid: 8d6eb6879a8874f2fbe55a23e73132cf,
    type: 2}
  m_PrefabInternal: {fileID: 343317210}
  m_GameObject: {fileID: 1688713295}
  m_Enabled: 1
  m_EditorHideFlags: 0
  m_Script: {fileID: 11500000, guid: 68ec2fe99d1108b9d0006a298d76c639, type: 3}
  m_Name: 
  m_EditorClassIdentifier: 
  axes: 1
  sensitivityX: 15
  sensitivityY: 0
  minimumX: -360
  maximumX: 360
  minimumY: 0
  maximumY: 0
--- !u!143 &1688713300
CharacterController:
  m_ObjectHideFlags: 0
  m_PrefabParentObject: {fileID: 14300000, guid: 8d6eb6879a8874f2fbe55a23e73132cf,
    type: 2}
  m_PrefabInternal: {fileID: 343317210}
  m_GameObject: {fileID: 1688713295}
  serializedVersion: 2
  m_Height: 2
  m_Radius: .400000006
  m_SlopeLimit: 45
  m_StepOffset: .400000006
  m_SkinWidth: .0500000007
  m_MinMoveDistance: 0
  m_Center: {x: 0, y: 0, z: 0}
--- !u!114 &1688713301
MonoBehaviour:
  m_ObjectHideFlags: 0
  m_PrefabParentObject: {fileID: 11400012, guid: 8d6eb6879a8874f2fbe55a23e73132cf,
    type: 2}
  m_PrefabInternal: {fileID: 343317210}
  m_GameObject: {fileID: 1688713295}
  m_Enabled: 1
  m_EditorHideFlags: 0
  m_Script: {fileID: 11500000, guid: 8d3083e093e830a4a9c90e21700e7b65, type: 3}
  m_Name: 
  m_EditorClassIdentifier: 
--- !u!114 &1688713302
MonoBehaviour:
  m_ObjectHideFlags: 0
  m_PrefabParentObject: {fileID: 11400000, guid: 8d6eb6879a8874f2fbe55a23e73132cf,
    type: 2}
  m_PrefabInternal: {fileID: 343317210}
  m_GameObject: {fileID: 1688713295}
  m_Enabled: 1
  m_EditorHideFlags: 0
  m_Script: {fileID: 11500000, guid: 8d3083e093e830a4a9c90e21700e7b65, type: 3}
  m_Name: 
  m_EditorClassIdentifier: 
--- !u!114 &1688713303
MonoBehaviour:
  m_ObjectHideFlags: 0
  m_PrefabParentObject: {fileID: 11400002, guid: 8d6eb6879a8874f2fbe55a23e73132cf,
    type: 2}
  m_PrefabInternal: {fileID: 343317210}
  m_GameObject: {fileID: 1688713295}
  m_Enabled: 1
  m_EditorHideFlags: 0
  m_Script: {fileID: 11500000, guid: 8d3083e093e830a4a9c90e21700e7b65, type: 3}
  m_Name: 
  m_EditorClassIdentifier: 
--- !u!1001 &1692057547
Prefab:
  m_ObjectHideFlags: 0
  serializedVersion: 2
  m_Modification:
    m_TransformParent: {fileID: 0}
    m_Modifications:
    - target: {fileID: 400000, guid: 6138df5b0a75b43d0b4dab4a6ce98033, type: 2}
      propertyPath: m_LocalPosition.x
      value: -.0911386013
      objectReference: {fileID: 0}
    - target: {fileID: 400000, guid: 6138df5b0a75b43d0b4dab4a6ce98033, type: 2}
      propertyPath: m_LocalPosition.y
      value: 1.9409256
      objectReference: {fileID: 0}
    - target: {fileID: 400000, guid: 6138df5b0a75b43d0b4dab4a6ce98033, type: 2}
      propertyPath: m_LocalPosition.z
      value: .483478546
      objectReference: {fileID: 0}
    - target: {fileID: 400000, guid: 6138df5b0a75b43d0b4dab4a6ce98033, type: 2}
      propertyPath: m_LocalRotation.x
      value: 0
      objectReference: {fileID: 0}
    - target: {fileID: 400000, guid: 6138df5b0a75b43d0b4dab4a6ce98033, type: 2}
      propertyPath: m_LocalRotation.y
      value: 0
      objectReference: {fileID: 0}
    - target: {fileID: 400000, guid: 6138df5b0a75b43d0b4dab4a6ce98033, type: 2}
      propertyPath: m_LocalRotation.z
      value: 0
      objectReference: {fileID: 0}
    - target: {fileID: 400000, guid: 6138df5b0a75b43d0b4dab4a6ce98033, type: 2}
      propertyPath: m_LocalRotation.w
      value: 1
      objectReference: {fileID: 0}
    m_RemovedComponents: []
  m_ParentPrefab: {fileID: 100100000, guid: 6138df5b0a75b43d0b4dab4a6ce98033, type: 2}
  m_RootGameObject: {fileID: 200332446}
  m_IsPrefabParent: 0
  m_IsExploded: 1
--- !u!1 &1790109840
GameObject:
  m_ObjectHideFlags: 0
  m_PrefabParentObject: {fileID: 0}
  m_PrefabInternal: {fileID: 0}
  serializedVersion: 4
  m_Component:
  - 4: {fileID: 1790109844}
  - 33: {fileID: 1790109843}
  - 65: {fileID: 1790109842}
  - 23: {fileID: 1790109841}
  m_Layer: 0
  m_Name: Cube
  m_TagString: Untagged
  m_Icon: {fileID: 0}
  m_NavMeshLayer: 0
  m_StaticEditorFlags: 0
  m_IsActive: 1
--- !u!23 &1790109841
Renderer:
  m_ObjectHideFlags: 0
  m_PrefabParentObject: {fileID: 0}
  m_PrefabInternal: {fileID: 0}
  m_GameObject: {fileID: 1790109840}
  m_Enabled: 1
  m_CastShadows: 1
  m_ReceiveShadows: 1
  m_LightmapIndex: 255
  m_LightmapTilingOffset: {x: 1, y: 1, z: 0, w: 0}
  m_Materials:
  - {fileID: 2100000, guid: 6ad22251dc70d4a61b9247cfd57701e7, type: 2}
  m_SubsetIndices: 
  m_StaticBatchRoot: {fileID: 0}
  m_UseLightProbes: 0
  m_LightProbeAnchor: {fileID: 0}
  m_ScaleInLightmap: 1
  m_SortingLayer: 0
  m_SortingOrder: 0
  m_SortingLayerID: 0
--- !u!65 &1790109842
BoxCollider:
  m_ObjectHideFlags: 0
  m_PrefabParentObject: {fileID: 0}
  m_PrefabInternal: {fileID: 0}
  m_GameObject: {fileID: 1790109840}
  m_Material: {fileID: 0}
  m_IsTrigger: 0
  m_Enabled: 1
  serializedVersion: 2
  m_Size: {x: 1, y: 1, z: 1}
  m_Center: {x: 0, y: 0, z: 0}
--- !u!33 &1790109843
MeshFilter:
  m_ObjectHideFlags: 0
  m_PrefabParentObject: {fileID: 0}
  m_PrefabInternal: {fileID: 0}
  m_GameObject: {fileID: 1790109840}
  m_Mesh: {fileID: 10202, guid: 0000000000000000e000000000000000, type: 0}
--- !u!4 &1790109844
Transform:
  m_ObjectHideFlags: 0
  m_PrefabParentObject: {fileID: 0}
  m_PrefabInternal: {fileID: 0}
  m_GameObject: {fileID: 1790109840}
  m_LocalRotation: {x: 0, y: 0, z: 0, w: 1}
  m_LocalPosition: {x: -.00530362129, y: .804740906, z: 0}
  m_LocalScale: {x: 27.6042595, y: 1.27236927, z: 21.6907406}
  m_Children: []
  m_Father: {fileID: 0}
